@misc{117146,
	author = {Morris Dworkin and Elaine Barker and James Nechvatal and James Foti and Lawrence Bassham and E. Roback and James Dray},
	title = {Advanced Encryption Standard (AES)},
	year = {2001},
	month = {2001-11-26},
	publisher = {Federal Inf. Process. Stds. (NIST FIPS), National Institute of Standards and Technology, Gaithersburg, MD},
	doi = {https://doi.org/10.6028/NIST.FIPS.197},
	language = {en},
}

